% References

@misc{notes-math-crypto,
    author={Christopher Gorman},
    title={Notes on Mathematics and Cryptography},
    year={2022},
    url={https://github.com/chgorman/notes-math-crypto},
}

@misc{ethdkg,
    author = {Philipp Schindler and Aljosha Judmayer and Nicholas Stifter
        and Edgar Weippl},
    title = {ETHDKG: Distributed Key Generation with Ethereum Smart Contracts},
    howpublished = {Cryptology ePrint Archive, Report 2019/985},
    year = {2019},
    note = {\url{https://eprint.iacr.org/2019/985}},
}

@misc{bnCurves,
    author = {Paulo S. L. M. Barreto and Michael Naehrig},
    title = {Pairing-Friendly Elliptic Curves of Prime Order},
    howpublished = {Cryptology ePrint Archive, Report 2005/133},
    year = {2005},
    note = {\url{https://eprint.iacr.org/2005/133}},
}

@misc{exTNFS,
    author = {Taechan Kim and Razvan Barbulescu},
    title = {Extended Tower Number Field Sieve: A New Complexity for the
        Medium Prime Case},
    howpublished = {Cryptology ePrint Archive, Report 2015/1027},
    year = {2015},
    note = {\url{https://eprint.iacr.org/2015/1027}},
}

@misc{MSSsecurity,
    author = {Alfred Menezes and Palash Sarkar and Shashank Singh},
    title = {Challenges with Assessing the Impact of NFS Advances on the
        Security of Pairing-based Cryptography},
    howpublished = {Cryptology ePrint Archive, Report 2016/1102},
    year = {2016},
    note = {\url{https://eprint.iacr.org/2016/1102}},
}

@misc{BDkeysizes,
    author = {Razvan Barbulescu and Sylvain Duquesne},
    title = {Updating key size estimations for pairings},
    howpublished = {Cryptology ePrint Archive, Report 2017/334},
    year = {2017},
    note = {\url{https://eprint.iacr.org/2017/334}},
}

@inproceedings{boneh2001short,
  title={Short signatures from the Weil pairing},
  author={Boneh, Dan and Lynn, Ben and Shacham, Hovav},
  booktitle={International Conference on the Theory and Application
      of Cryptology and Information Security},
  pages={514--532},
  year={2001},
  organization={Springer}
}

@article{sec2curves,
  title={Sec 2: Recommended Elliptic Curve Domain Parameters},
  author={Brown, Daniel RL},
  journal={Standars for Efficient Cryptography},
  year={2010},
  publisher={Certicom Corp.}
}

@book{hac1996,
  title={Handbook of Applied Cryptography},
  author={Menezes, Alfred J and Van Oorschot, Paul C and Vanstone, Scott A},
  year={1996},
  publisher={CRC press}
}

@inproceedings{naehrig2010new,
  title={New software speed records for cryptographic pairings},
  author={Naehrig, Michael and Niederhagen, Ruben and Schwabe, Peter},
  booktitle={International Conference on Cryptology and Information Security
      in Latin America},
  pages={109--123},
  year={2010},
  organization={Springer}
}

@book{shoham2008multiagent,
  title={Multiagent systems: Algorithmic, game-theo\-retic,
      and logical foundations},
  author={Shoham, Yoav and Leyton-Brown, Kevin},
  year={2008},
  publisher={Cambridge University Press}
}

@article{boneh2019verifiable,
  title={Verifiable Delay Functions},
  author={Boneh, Dan and Bonneau, Joseph and B{\"u}nz, Benedikt and Fisch, Ben},
  year={2019}
}

@inproceedings{ft2012bnhashtocurve,
  title={Indifferentiable hashing to Barreto--Naehrig curves},
  author={Fouque, Pierre-Alain and Tibouchi, Mehdi},
  booktitle={International Conference on Cryptology and Information Security in Latin America},
  pages={1--17},
  year={2012},
  organization={Springer}
}

@inproceedings{icart2009hash,
  title={How to hash into elliptic curves},
  author={Icart, Thomas},
  booktitle={Annual International Cryptology Conference},
  pages={303--316},
  year={2009},
  organization={Springer}
}

@article{gennaro3revisiting,
  title={Revisiting the distributed key generation for discrete-log
      based Cryptosystems},
  author={Gennaro, Rosario and Jarecki, Stanislaw and Krawczyk, Hugo and
      Rabin, Tal},
  journal={RSA Security'03}
}

@inproceedings{gennaro1999secure,
  title={Secure distributed key generation for discrete-log based
      cryptosystems},
  author={Gennaro, Rosario and Jarecki, Stanis{\l}aw and Krawczyk, Hugo
      and Rabin, Tal},
  booktitle={International Conference on the Theory and Applications of
      Cryptographic Techniques},
  pages={295--310},
  year={1999},
  organization={Springer}
}

@misc{boneh2019h2cBLS12,
    author = {Riad S. Wahby and Dan Boneh},
    title = {Fast and simple constant-time hashing to the BLS12-381
        elliptic curve},
    howpublished = {Cryptology ePrint Archive, Report 2019/403},
    year = {2019},
    note = {\url{https://eprint.iacr.org/2019/403}},
}

@misc{adj2012sqrtEvenExt,
    author = {Gora Adj and Francisco Rodr\'iguez-Henr\'iquez},
    title = {Square root computation over even extension fields},
    howpublished = {Cryptology ePrint Archive, Report 2012/685},
    year = {2012},
    note = {\url{https://eprint.iacr.org/2012/685}},
}

@book{imc2008,
  title={An introduction to mathematical cryptography},
  author={Hoffstein, Jeffrey and Pipher, Jill and Silverman, Joseph H},
  volume={1},
  year={2008},
  publisher={Springer}
}

@inproceedings{tibouchi2014elligator,
  title={Elligator squared: Uniform points on elliptic curves of prime order
      as uniform random strings},
  author={Tibouchi, Mehdi},
  booktitle={International Conference on Financial Cryptography and
      Data Security},
  pages={139--156},
  year={2014},
  organization={Springer}
}

@article{ethereumYellowpaper,
  title={Ethereum: A secure decentralised generalised transaction ledger},
  author={Wood, Gavin and others},
  journal={Ethereum project yellow paper},
  volume={151},
  number={2014},
  pages={1--32},
  year={2014}
}

@techreport{nakamotoBitcoin,
  title={Bitcoin: A peer-to-peer electronic cash system},
  author={Nakamoto, Satoshi},
  year={2019},
  institution={Manubot}
}

@book{rass2013cryptography,
  title={Cryptography for security and privacy in cloud computing},
  author={Rass, Stefan and Slamanig, Daniel},
  year={2013},
  publisher={Artech House}
}

@misc{EfficienySecurity2010,
    author = {Sanjit Chatterjee and Darrel Hankerson and Alfred Menezes},
    title = {On the Efficiency and Security of Pairing-Based Protocols in the Type 1 and Type 4 Settings},
    howpublished = {Cryptology ePrint Archive, Report 2010/388},
    year = {2010},
    note = {\url{https://eprint.iacr.org/2010/388}},
}

@article{camenisch1997proof,
  title={Proof systems for general statements about discrete logarithms},
  author={Camenisch, Jan and Stadler, Markus},
  journal={Technical report/Dept. of Computer Science, ETH Z{\"u}rich},
  volume={260},
  year={1997},
  publisher={ETH Zurich}
}

@article{montgomery1985modular,
  title={Modular multiplication without trial division},
  author={Montgomery, Peter L},
  journal={Mathematics of computation},
  volume={44},
  number={170},
  pages={519--521},
  year={1985}
}

@online{DigitalAdFraud2018,
    author={A.~Guttman},
    title={Digital ad fraud losses worldwide 2018-2022},
    organization={Statista},
    date={2019-11-27},
    url={https://www.statista.com/statistics/677466/digital-ad-fraud-cost/}
}

@online{IABAdsTxt,
    author={Neal Richter},
    title={Helping the industry prevent the sale of counterfeit inventory
        with ads.txt},
    organization={IAB},
    date={2017-05-16},
    url={https://iabtechlab.com/blog/helping-industry-prevent-sale-of-counterfeit-inventory-with-ads-txt/}
}

@online{EthDVT,
    author={Turner Wright},
    title={Ethereum Now Rivals Bitcoin for Daily Value Transfers},
    date={2020-04-16},
    url={https://cointelegraph.com/news/ethereum-now-rivals-bitcoin-for-daily-value-transfers}
}

@online{BlockchainScaling,
    author={Connor Blenkinsop},
    title={Blockchain's Scaling Problem, Explained},
    date={2018-08-22},
    url={https://cointelegraph.com/explained/blockchains-scaling-problem-explained}
}

@online{BlockchainTPS,
    author={Stephen O'Neal},
    title={Who Scales It Best? Inside Blockchains' Ongoing Transactions-Per-Second Race},
    date={2019-01-22},
    url={https://cointelegraph.com/news/who-scales-it-best-inside-blockchains-ongoing-transactions-per-second-race}
}

@online{AdsDCert,
    author={Jennifer Derke},
    title={Ads.cert v1.0: Signed Bid Requests},
    date={2018-11},
    url={https://github.com/InteractiveAdvertisingBureau/openrtb/blob/master/ads.cert:%20Signed%20Bid%20Requests%201.0%20BETA.md}
}

@online{CapnProto,
    author={Kenton Varda},
    title={Cap'n Proto},
    year={2020},
    url={https://capnproto.org/}
}

@online{CapnProtoNews,
    author={Kenton Varda},
    title={Cap'n Proto},
    year={2020},
    url={https://capnproto.org/news/}
}

@article{shamir1979share,
    title={How to share a secret},
    author={Shamir, Adi},
    journal={Communications of the ACM},
    volume={22},
    number={11},
    pages={612--613},
    year={1979},
    publisher={ACM New York, NY, USA}
}
